\usepackage[polish]{babel}

@misc{OpenCL,
title = {{OpenCL official website}},
howpublished = {\texttt{http://www.khronos.org/opencl}}
}

@misc{GT555M,
title = {{NVIDIA GeForce GT 555M}},
howpublished = {\texttt{http://www.nvidia.pl/object/product-geforce-gt-555m-pl.html}}
}

@misc{GTX670,
title = {{NVIDIA GeForce GTX 670}},
howpublished = {\texttt{http://www.nvidia.pl/object/geforce-gtx-670-pl.html}}
}

@misc{mutexCpp,
title = {{Mutex z~biblioteki standardowej C++}},
howpublished = {\texttt{http://en.cppreference.com/w/cpp/thread/mutex}}
}


@misc{Signum,
title = {Funkcja signum},
howpublished = {\texttt{http://pl.wikipedia.org/wiki/Signum}}
}

@Book{Enc09,
title = {{Encyclopedia of Computer Science and Egeneering}},
author = {Tony Lindeberg},
pages = {2495-2504},
year = {2009}
}

@Article{SSFDS,
 author={Lindeberg, T.}, 
 journal={Pattern Analysis and Machine Intelligence, IEEE Transactions on}, 
 title={Scale-space for discrete signals}, 
 year={1990}, 
 volume={12}, 
 number={3}, 
 pages={234-254}, 
 keywords={discrete systems;signal processing;Gaussian kernel;diffusion equation;discrete scale-space theory;discrete signals;discrete smoothing transformations;frequency domain;nonnegative kernels;signal processing;spatial domain;unimodal kernels;Computer vision;Convolution;Filtering;Image resolution;Kernel;Laplace equations;Signal processing;Signal resolution;Smoothing methods}, 
 doi={10.1109/34.49051}, 
 ISSN={0162-8828},
 }

@incollection{ScaleSpaceAxioms,
year={1997},
isbn={978-90-481-4852-3},
booktitle={Gaussian Scale-Space Theory},
volume={8},
series={Computational Imaging and Vision},
editor={Sporring, Jon and Nielsen, Mads and Florack, Luc and Johansen, Peter},
doi={10.1007/978-94-015-8802-7_6},
title={On the Axiomatic Foundations of Linear Scale-Space},
url={http://dx.doi.org/10.1007/978-94-015-8802-7_6},
publisher={Springer Netherlands},
author={Lindeberg, Tony},
pages={75-97},
language={English}
}


@Article{BFIOCL,
title = {{Równoległa interpolacja obrazu barwnego z kamery cyfrowej}},
author = {Bartłomiej Bułat, Tomasz Drzewiecki},
year = {2013},
}

@Article{SSFramework,
   author = {Tony Lindeberg},
    title = {{Scale-space: A framework for handling image structures at multiple scales}},
    year = {1996}
}
}


@Article{FromCudaToOpenCL,
title = "From \{CUDA\} to OpenCL: Towards a performance-portable solution for multi-platform \{GPU\} programming ",
journal = "Parallel Computing ",
volume = "38",
number = "8",
pages = "391 - 407",
year = "2012",
issn = "0167-8191",
doi = "http://dx.doi.org/10.1016/j.parco.2011.10.002",
url = "http://www.sciencedirect.com/science/article/pii/S0167819111001335",
author = "Peng Du and Rick Weber and Piotr Luszczek and Stanimire Tomov and Gregory Peterson and Jack Dongarra",
keywords = "Hardware accelerators",
keywords = "Portability",
keywords = "Auto-tuning "
}

@misc{JAISDK,
title = {{Dokumentacja interfejsu do kamery: JAI SDK}}
}
